<record><leader>00000cas a22000007a 4500</leader><controlfield tag="001">40704547</controlfield><controlfield tag="008">990129d197619uucaudn ne      0    0eng d</controlfield><datafield ind1=" " ind2=" " tag="010"><subfield code="a">sn 98061685 </subfield></datafield><datafield ind1=" " ind2=" " tag="040"><subfield code="a">CNK</subfield><subfield code="b">eng</subfield><subfield code="c">CNK</subfield><subfield code="d">OCLCQ</subfield><subfield code="d">OCLCF</subfield><subfield code="d">OCLCO</subfield></datafield><datafield ind1="1" ind2=" " tag="029"><subfield code="a">AU@</subfield><subfield code="b">000014546244</subfield></datafield><datafield ind1=" " ind2=" " tag="042"><subfield code="a">msc</subfield></datafield><datafield ind1="0" ind2="0" tag="245"><subfield code="a">Peoples press morning star.</subfield></datafield><datafield ind1=" " ind2=" " tag="260"><subfield code="a">Santa Cruz, Calif. :</subfield><subfield code="b">Santa Cruz Media</subfield></datafield><datafield ind1=" " ind2=" " tag="300"><subfield code="a">v.</subfield></datafield><datafield ind1=" " ind2=" " tag="310"><subfield code="a">Daily (except Sun.)</subfield></datafield><datafield ind1="0" ind2=" " tag="362"><subfield code="a">Vol. 10, issue 1 (Oct. 18, 1976)-</subfield></datafield><datafield ind1=" " ind2=" " tag="500"><subfield code="a">"Peoples Press" appears in small print above "Morning Star."</subfield></datafield><datafield ind1=" " ind2=" " tag="515"><subfield code="a">Pre-publication preview issue published Oct. 1976.</subfield></datafield><datafield ind1=" " ind2=" " tag="515"><subfield code="a">Vol. no. 9 omitted between change from former title.</subfield></datafield><datafield ind1=" " ind2="0" tag="651"><subfield code="a">Santa Cruz County (Calif.)</subfield><subfield code="v">Newspapers.</subfield></datafield><datafield ind1=" " ind2="7" tag="655"><subfield code="a">Newspapers.</subfield><subfield code="2">fast</subfield><subfield code="0">(OCoLC)fst01423814</subfield></datafield><datafield ind1=" " ind2="7" tag="651"><subfield code="a">California</subfield><subfield code="z">Santa Cruz County.</subfield><subfield code="2">fast</subfield><subfield code="0">(OCoLC)fst01210722</subfield></datafield><datafield ind1=" " ind2=" " tag="752"><subfield code="a">United States</subfield><subfield code="b">California</subfield><subfield code="c">Santa Cruz</subfield><subfield code="d">Santa Cruz.</subfield></datafield><datafield ind1="0" ind2="0" tag="780"><subfield code="t">People's press (Santa Cruz, Calif.)</subfield><subfield code="w">(DLC)sn 98061684</subfield></datafield></record>